<?xml version="1.0" encoding="UTF-8"?><collection xmlns="http://www.loc.gov/MARC21/slim"><record><leader>00369nam--2200145-i-4500</leader><controlfield tag="001">000005703</controlfield><controlfield tag="002">20161230</controlfield><controlfield tag="005">20170221013741</controlfield><controlfield tag="008">060222s1000------------r-----000-0-eng-d</controlfield><datafield ind1=" " ind2=" " tag="100"><subfield code="a">Duma, Mario</subfield></datafield><datafield ind1=" " ind2=" " tag="245"><subfield code="a">Introducere in telemecanica industriala</subfield></datafield><datafield ind1=" " ind2=" " tag="260"><subfield code="a">Bucuresti</subfield><subfield code="b">Ed.Tehnica</subfield><subfield code="c">1961</subfield></datafield><datafield ind1=" " ind2=" " tag="300"><subfield code="a">311 p</subfield></datafield><datafield ind1=" " ind2=" " tag="700"><subfield code="a">Pranitchi, Alex</subfield></datafield><datafield ind1=" " ind2=" " tag="CAT"><subfield code="a">SYS</subfield><subfield code="c">20170221</subfield><subfield code="h">013741</subfield></datafield></record></collection>